<record><leader>00000cas a22000007a 4500</leader><controlfield tag="001">19290221</controlfield><controlfield tag="008">890302d18981904ohudn ne      0    0eng d</controlfield><datafield ind1=" " ind2=" " tag="010"><subfield code="a">sn 89076136 </subfield></datafield><datafield ind1=" " ind2=" " tag="040"><subfield code="a">ONP</subfield><subfield code="b">eng</subfield><subfield code="c">ONP</subfield><subfield code="d">OCLCQ</subfield></datafield><datafield ind1=" " ind2=" " tag="042"><subfield code="a">msc</subfield></datafield><datafield ind1="0" ind2=" " tag="130"><subfield code="a">Evening record (Wellsville, Ohio)</subfield></datafield><datafield ind1="1" ind2="4" tag="245"><subfield code="a">The Evening record.</subfield></datafield><datafield ind1=" " ind2=" " tag="260"><subfield code="a">Wellsville, Ohio :</subfield><subfield code="b">Record Pub. Co.</subfield></datafield><datafield ind1=" " ind2=" " tag="310"><subfield code="a">Daily (except Sun.)</subfield></datafield><datafield ind1="1" ind2=" " tag="362"><subfield code="a">Began in 1898; ceased with Jan. 8, 1904 issue.</subfield></datafield><datafield ind1=" " ind2=" " tag="588"><subfield code="a">Description based on: Vol. 5, no. 4 (Jan. 6, 1903).</subfield></datafield><datafield ind1=" " ind2=" " tag="752"><subfield code="a">United States</subfield><subfield code="b">Ohio</subfield><subfield code="c">Columbiana</subfield><subfield code="d">Wellsville.</subfield></datafield><datafield ind1="0" ind2="7" tag="785"><subfield code="t">Daily union (Wellsville, Ohio)</subfield><subfield code="w">(DLC)sn 88078295</subfield></datafield><datafield ind1="0" ind2="7" tag="785"><subfield code="t">Daily union-record</subfield><subfield code="w">(DLC)sn 88078294</subfield></datafield></record>